% TODO: remove
@book{lamport1994latex,
  title={\LaTeX{}: a document preparation system: user's guide and reference manual},
  author={Lamport, Leslie},
  year={1994},
  publisher={Addison-Wesley},
  pagetotal={365},
  langid={english}
}

% https://storage.googleapis.com/deepmind-media/gemini/gemini_1_report.pdf
% https://storage.googleapis.com/deepmind-media/gemini/gemini_v1_5_report.pdf
